@ARTICLE{cite:ieee_2011_standards,  author={IEEE},  journal={ISO/IEC/IEEE 29148:2011(E)},  title={ISO/IEC/IEEE International Standard - Systems and software engineering -- Life cycle processes --Requirements engineering},   year={2011},  volume={},  number={},  pages={1-94},}

@book{cite:software_engineering_10,
author = {Sommerville, Ian},
title = {Software Engineering},
year = {2015},
isbn = {0133943038},
publisher = {Pearson},
edition = {10th}
}

@book{cite:booch_2004,
author = {Rumbaugh, James and Jacobson, Ivar and Booch, Grady},
title = {Unified Modeling Language Reference Manual, The (2nd Edition)},
year = {2004},
isbn = {0321245628},
publisher = {Pearson Higher Education}
}

@book{cite:booch_2005,
author = {Booch, Grady and Rumbaugh, James and Jacobson, Ivar},
title = {Unified Modeling Language User Guide, The (2nd Edition) (Addison-Wesley Object Technology Series)},
year = {2005},
isbn = {0321267974},
publisher = {Addison-Wesley Professional}
}

@article{cite:siau_2007,
author = {Erickson, John and Siau, Keng},
year = {2007},
month = {08},
pages = {46-51},
title = {Theoretical and practical complexity of modeling methods},
volume = {50},
journal = {Commun. ACM},
doi = {10.1145/1278201.1278205}
}

@misc{cite:encryption_algorithms,
  author = {PCI Security Standards Council LLC},
  title = {AT A GLANCE PCI DATA STORAGE PCI Data Storage Do's and Don'ts},
  url = {https://www.pcisecuritystandards.org/pdfs/pci_fs_data_storage.pdf},
  year = {2008}
}

@misc{cite:PCI_rules,
  author = {PCI Security Standards, PCI},
  title = {Payment Card Industry (PCI) Data Security Standard (DSS) and Payment Application Data Security Standard (PA-DSS) Glossary of Terms, Abbreviations, and Acronyms Version 1.2},
  url = {https://www.pcisecuritystandards.org/pdfs/pci_dss_glossary.pdf},
  urldate = {2020-04-06},
  year = {2008}
}

@misc{cite:alkol,
  title = {TTBGov - Alcohol Beverage Control Boards},
  url = {https://www.ttb.gov/wine/alcohol-beverage-control-boards#US},
  urldate = {2020-04-06},
  organization = {www.ttb.gov}
}


@misc{cite:data_protection_law,
  title = {Data Protection Law: An Overview},
  url = {https://fas.org/sgp/crs/misc/R45631.pdf},
  year = {2019}
}

@misc{cite:amazon_go_official,
  title = {Official Amazon Go Website},
  url = {https://www.amazon.com/b?ie=UTF8&node=16008589011},
  year = {2020}
}

